<?xml version="1.0" encoding="utf-8"?>
<record xmlns="http://www.loc.gov/MARC21/slim" xmlns:xsi="http://www.w3.org/2001/XMLSchema-instance" xsi:schemaLocation="http://www.loc.gov/MARC21/slim http://www.loc.gov/standards/marcxml/schema/MARC21slim.xsd">
	<leader>     nam a22     Mi 4500</leader>
	<controlfield tag="001">b18263124</controlfield>
	<controlfield tag="003">LeBAU</controlfield>
	<controlfield tag="006">m        d        </controlfield>
	<controlfield tag="007">cr cn |||m|||a</controlfield>
	<controlfield tag="008">210518s1955    mr      o     ||0 m ara d</controlfield>
	<datafield ind1=" " ind2=" " tag="040">
		<subfield code="a">ZYU</subfield>
		<subfield code="b">ara</subfield>
		<subfield code="e">rda</subfield>
		<subfield code="c">ZYU</subfield>
	</datafield>
	<datafield ind1="0" ind2=" " tag="041">
		<subfield code="a">ara</subfield>
		<subfield code="a">spa</subfield>
	</datafield>
	<datafield ind1="0" ind2="4" tag="082">
		<subfield code="a">808.8</subfield>
		<subfield code="2">23</subfield>
	</datafield>
	<datafield ind1="1" ind2=" " tag="110">
		<subfield code="6">880-01</subfield>
		<subfield code="a">Morocco (Spanish zone).</subfield>
		<subfield code="b">Delegación de Educación y Cultura.</subfield>
		<subfield code="e">issuing body.</subfield>
		<subfield code="0">http://id.loc.gov/authorities/names/n82063774 ,</subfield>
	</datafield>
	<datafield ind1="1" ind2="0" tag="245">
		<subfield code="6">880-02</subfield>
		<subfield code="a">Jāʼizat al-Maghrib lil-ādāb sanat 1955 ;</subfield>
		<subfield code="b">Jāʼizat Marwīkūs lil-Ādāb sanat 1955 /</subfield>
		<subfield code="c">al-Iqāmah al-ʻĀmmah al-Isbānīyah bi-al-Maghrib, Niyābat al-Tarbiyah wa-al-Thaqāfah = Premios Marruecos de literatura, 1955 ; Premios al-Maghrib de literatura, 1955 / Alta Comisaría de España en Marruecos, Delegación de Educación y Cultura.</subfield>
	</datafield>
	<datafield ind1="3" ind2="0" tag="246">
		<subfield code="6">880-03</subfield>
		<subfield code="a">Jāʼizat Marwīkūs lil-Ādāb sanat 1955</subfield>
	</datafield>
	<datafield ind1="1" ind2=" " tag="246">
		<subfield code="6">880-04</subfield>
		<subfield code="i">Premenilaries:</subfield>
		<subfield code="a">Jawāʼiz al-Maghrib wa-Marwīkūs lil-Ādāb sanat 1955/1374</subfield>
	</datafield>
	<datafield ind1="1" ind2=" " tag="246">
		<subfield code="i">Premenilaries of added title page:</subfield>
		<subfield code="a">Premios Marruecos y al-Magrib de Literatura, 1955</subfield>
	</datafield>
	<datafield ind1="3" ind2="1" tag="246">
		<subfield code="a">Premios Marruecos de literatura, 1955 ;</subfield>
		<subfield code="b">Premios al-Maghrib de literatura, 1955</subfield>
	</datafield>
	<datafield ind1="3" ind2="0" tag="246">
		<subfield code="a">Premios Al-Maghrib de literatura, 1955</subfield>
	</datafield>
	<datafield ind1=" " ind2="1" tag="264">
		<subfield code="6">880-05</subfield>
		<subfield code="a">Tiṭwān :</subfield>
		<subfield code="b">Maʻhad Mawlāya al-Ḥasan,</subfield>
		<subfield code="c">1955.</subfield>
	</datafield>
	<datafield ind1=" " ind2=" " tag="300">
		<subfield code="6">880-06</subfield>
		<subfield code="a">online resource (77, 27 pages)</subfield>
	</datafield>
	<datafield ind1=" " ind2=" " tag="336">
		<subfield code="a">text</subfield>
		<subfield code="2">rdacontent</subfield>
	</datafield>
	<datafield ind1=" " ind2=" " tag="337">
		<subfield code="a">computer</subfield>
		<subfield code="2">rdamedia</subfield>
	</datafield>
	<datafield ind1=" " ind2=" " tag="338">
		<subfield code="a">online resource</subfield>
		<subfield code="2">rdacarrier</subfield>
	</datafield>
	<datafield ind1=" " ind2=" " tag="500">
		<subfield code="a">Part of the Arabic Collections Online (ACO) project, contributed by American University of Beirut's Jafet Memorial Library.</subfield>
	</datafield>
	<datafield ind1=" " ind2=" " tag="533">
		<subfield code="a">Electronic reproduction.</subfield>
		<subfield code="b">New York, N.Y. :</subfield>
		<subfield code="c">New York University,</subfield>
		<subfield code="d">2021.</subfield>
		<subfield code="5">NNU</subfield>
	</datafield>
	<datafield ind1=" " ind2="0" tag="655">
		<subfield code="6">880-07</subfield>
		<subfield code="a">Fiction.</subfield>
	</datafield>
	<datafield ind1=" " ind2="0" tag="655">
		<subfield code="6">880-08</subfield>
		<subfield code="a">Poetry.</subfield>
	</datafield>
	<datafield ind1="1" ind2="2" tag="700">
		<subfield code="6">880-09</subfield>
		<subfield code="a">Ṭanjāwī, Muḥammad.</subfield>
		<subfield code="t">Fityān al-qaryah.</subfield>
	</datafield>
	<datafield ind1="1" ind2="2" tag="700">
		<subfield code="6">880-10</subfield>
		<subfield code="a">Baqqālī, Aḥmad ʻAbd al-Salām.</subfield>
		<subfield code="t">Ruwwād al-majhūl.</subfield>
	</datafield>
	<datafield ind1="1" ind2="2" tag="700">
		<subfield code="6">880-11</subfield>
		<subfield code="a">Fernández, Miguel.</subfield>
		<subfield code="t">Unshūdat Ghābat Bāb Shīkār.</subfield>
	</datafield>
	<datafield ind1="1" ind2="2" tag="700">
		<subfield code="6">880-12</subfield>
		<subfield code="a">Fernández, Miguel.</subfield>
		<subfield code="t">Ghillah al-ūlá.</subfield>
	</datafield>
	<datafield ind1="1" ind2="2" tag="700">
		<subfield code="a">Fernández, Miguel.</subfield>
		<subfield code="t">Himno para el bosque de Bab-Chicar.</subfield>
	</datafield>
	<datafield ind1="1" ind2="2" tag="700">
		<subfield code="a">Fernández, Miguel.</subfield>
		<subfield code="t">Primera cosecha.</subfield>
	</datafield>
	<datafield ind1="2" ind2=" " tag="710">
		<subfield code="a">Jafet Memorial Library.</subfield>
	</datafield>
	<datafield ind1="0" ind2=" " tag="730">
		<subfield code="a">Arabic Collections Online.</subfield>
	</datafield>
	<datafield ind1="0" ind2="8" tag="776">
		<subfield code="i">Print version:</subfield>
		<subfield code="a">Morocco (Spanish zone). Delegación de Educación y Cultura. issuing body. http://id.loc.gov/authorities/names/n82063774 ,</subfield>
		<subfield code="t">Jāʼizat al-Maghrib lil-ādāb sanat 1955 ;</subfield>
		<subfield code="w">(LeBAU)b18263124</subfield>
	</datafield>
	<datafield ind1="4" ind2="0" tag="856">
		<subfield code="u">http://hdl.handle.net/2333.1/sn02vjbd</subfield>
	</datafield>
	<datafield ind1="1" ind2=" " tag="880">
		<subfield code="6">110-01</subfield>
		<subfield code="a">المغرب (المنطقة الاسبانية).</subfield>
		<subfield code="b">نيابة التربية والثقافة،</subfield>
		<subfield code="0">http://id.loc.gov/authorities/names/n82063774 ,</subfield>
		<subfield code="e">هيئة إصدار.</subfield>
		<subfield code="4">isb.</subfield>
	</datafield>
	<datafield ind1="1" ind2="0" tag="880">
		<subfield code="6">245-02</subfield>
		<subfield code="a">جائزة المغرب للآداب سنة 1955 ؛</subfield>
		<subfield code="b">جائزة مرويكوس للآداب سنة 1955 /</subfield>
		<subfield code="c">الاقامة العامة الاسبانية بالمغرب، نيابة التربية والثقافة = Premios al-Maghrib de ، 1955 ؛ Premios Marruecos de literatura، 1955 / literatura, 1955 / Alta Comisaría de España en Marruecos, Delegación de Educación y Cultura.</subfield>
	</datafield>
	<datafield ind1="3" ind2="0" tag="880">
		<subfield code="6">246-03</subfield>
		<subfield code="a">جائزة مرويكوس للآداب سنة 1955</subfield>
	</datafield>
	<datafield ind1="1" ind2=" " tag="880">
		<subfield code="6">246-04</subfield>
		<subfield code="i">العنوان على الصفحة التي تسبق صفحة العنوان:</subfield>
		<subfield code="a">جوائز المغرب ومرويكوس للآداب سنة 1955/1374</subfield>
	</datafield>
	<datafield ind1=" " ind2="1" tag="880">
		<subfield code="6">264-05</subfield>
		<subfield code="a">تطوان :</subfield>
		<subfield code="b">معهد مولاي الحسن،</subfield>
		<subfield code="c">1955.</subfield>
	</datafield>
	<datafield ind1=" " ind2=" " tag="880">
		<subfield code="6">300-06</subfield>
		<subfield code="a">77، 27 صفحة ؛</subfield>
		<subfield code="c">24 سم</subfield>
	</datafield>
	<datafield ind1="0" ind2=" " tag="880">
		<subfield code="6">505-00</subfield>
		<subfield code="t">جائزة المغرب للآداب سنة 1955:</subfield>
		<subfield code="t">فتيان القرية /</subfield>
		<subfield code="r">شعر للسيد محمد الطنجاوي --</subfield>
		<subfield code="t">رواد المجهول /</subfield>
		<subfield code="r">قصة للسيد أحمد البقالي --</subfield>
		<subfield code="t">جائزة مرويكوس للآداب سنة 1955:</subfield>
		<subfield code="t">أنشودة غابة باب شيكار /</subfield>
		<subfield code="r">شعر لمكيل فرناندث --</subfield>
		<subfield code="t">الغلة الأولى /</subfield>
		<subfield code="r">قصة لمكيل فرناندث.</subfield>
	</datafield>
	<datafield ind1=" " ind2=" " tag="880">
		<subfield code="6">546-00</subfield>
		<subfield code="a">النص بالعربية والاسبانية.</subfield>
	</datafield>
	<datafield ind1=" " ind2="4" tag="880">
		<subfield code="6">655-07</subfield>
		<subfield code="a">قصص.</subfield>
	</datafield>
	<datafield ind1=" " ind2="4" tag="880">
		<subfield code="6">655-08</subfield>
		<subfield code="a">شعر.</subfield>
	</datafield>
	<datafield ind1="1" ind2="2" tag="880">
		<subfield code="6">700-09</subfield>
		<subfield code="a">الطنجاوي، محمد.</subfield>
		<subfield code="t">فتيان القرية.</subfield>
	</datafield>
	<datafield ind1="1" ind2="2" tag="880">
		<subfield code="6">700-10</subfield>
		<subfield code="a">بقالي، احمد عبد السلام.</subfield>
		<subfield code="t">رواد المجهول.</subfield>
	</datafield>
	<datafield ind1="1" ind2="2" tag="880">
		<subfield code="6">700-11</subfield>
		<subfield code="a">فرناندث، مكيل.</subfield>
		<subfield code="t">أنشودة غابة باب شيكار.</subfield>
	</datafield>
	<datafield ind1="1" ind2="2" tag="880">
		<subfield code="6">700-12</subfield>
		<subfield code="a">فرناندث، مكيل.</subfield>
		<subfield code="t">الغلة الأولى.</subfield>
	</datafield>
	<datafield ind1=" " ind2=" " tag="959">
		<subfield code="a">NNU</subfield>
		<subfield code="b">WEB</subfield>
		<subfield code="c">GENI</subfield>
		<subfield code="t">0</subfield>
		<subfield code="m">Electronic access</subfield>
		<subfield code="s">01</subfield>
	</datafield>
	<datafield ind1=" " ind2=" " tag="999">
		<subfield code="i">LeBAU_b18263124</subfield>
		<subfield code="s">aub_aco004470</subfield>
		<subfield code="e">(ERROR-880)(ERROR-MISC)</subfield>
		<subfield code="s">aub_aco004470</subfield>
	</datafield>
</record>
